@misc{lr,
  howpublished = "\url{http://www.cc.gatech.edu/~topraj/SIG11files/lr.pdf}"
}
@misc{bunny,
  howpublished = "\url{http://graphics.stanford.edu/data/3Dscanrep/}"
}